% Encoding: UTF-8

@InCollection{brandao2011a,
  author        = {Brand{\~a}o, Carlos A.},
  title         = {{Descentraliza{\c{c}}{\~a}o enquanto modo de ordenamento espacial do poder e de reescalonamento territorial do Estado: trajet{\'o}ria e desafios para o Brasil}},
  booktitle     = {Governan{\c{c}}a territorial e desenvolvimento: descentraliza{\c{c}}{\~a}o político-administrativa, estruturas subnacionais de gest{\~a}o do desenvolvimento e capacidades estatais},
  publisher     = {Garamond},
  year          = {2011},
  pages         = {115--135},
  address       = {Rio de Janeiro},
  __markedentry = {[caio:6]},
  journal       = {Governan{\c{c}}a territorial e desenvolvimento: descentraliza{\c{c}}{\~a}o pol{\'\i}tico-administrativa, estruturas subnacionais de gest{\~a}o do desenvolvimento e capacidades estatais. Rio de Janeiro: Garamond},
}

@InCollection{guia2015a,
  author        = {Sergio de Azevedo and Virgínia Rennó Mares dos Guia},
  title         = {{Os dilemas institucionais da gestão metropolitana no Brasil}},
  booktitle     = {Metrópoles: entre a coesão e a fragmentação, a cooperação e o conflito},
  publisher     = {Letra Capital},
  year          = {2015},
  editor        = {Luiz Cesar Queiroz de Ribeiro},
  pages         = {97–110},
  address       = {Rio de Janeiro},
  edition       = {2},
  note          = {Parte I.Acesso em 11/06/2020.},
  __markedentry = {[caio:6]},
  editortype    = {Org.},
  url           = {http://observatoriodasmetropoles.net.br/arquivos/biblioteca/abook_file/metropoles_coesao_fragmentacao_2edicao.pdf},
}

@Misc{brasil2015a,
  author = {Brasil},
  title  = {Lei no. 13.089, de 12 de janeiro de 2015. Institui o Estatuto da Metrópole, altera a Lei nº 10.257, de 10 de julho de 2001, e dá outras providências},
  year   = {2015},
  note   = {Acesso em 11/06/2020.},
  url    = {http://www.planalto.gov.br/ccivil_03/_ato2015-2018/2015/lei/l13089.htm},
}

@Misc{brasil2001a,
  author = {Brasil},
  title  = {Lei no. 10.257, de 10 de julho de 2001. Regulamenta os arts. 182 e 183 da Constituição Federal, estabelece diretrizes gerais da política urbana e dá outras providências},
  year   = {2001},
  note   = {Acesso em 11/06/2020.},
  url    = {http://www.planalto.gov.br/ccivil_03/leis/leis_2001/l10257.htm},
}

@Misc{brasil2005a,
  author = {Brasil},
  title  = {Lei no. 11.107, de 6 de abril de 2005. Dispõe sobre normas gerais de contratação de consórcios públicos e dá outras providências},
  year   = {2005},
  note   = {Acesso em 11/06/2020.},
  url    = {http://www.planalto.gov.br/ccivil_03/_Ato2004-2006/2005/Lei/L11107.htm},
}

@Article{arretche2010a,
  author    = {Arretche, Marta},
  title     = {Federalismo e igualdade territorial: uma contradi{\c{c}}{\~a}o em termos?},
  journal   = {Dados},
  year      = {2010},
  volume    = {53},
  number    = {3},
  pages     = {587--620},
  note      = {Acesso em 11/06/2020.},
  address   = {Rio de Janeiro},
  publisher = {SciELO Brasil},
  url       = {https://doi.org/10.1590/S0011-52582010000300003},
}

@Book{linhares2012a,
  title      = {Federalismo {\`a} brasileira: quest{\~o}es para discuss{\~a}o},
  publisher  = {Instituto de Pesquisa Econômica Aplicada -- Ipea},
  year       = {2012},
  editor     = {Paulo de Tarso Frazão Linhares and Constantino Cronemberger Mendes and Antonio Lassance},
  volume     = {8},
  series     = {Diálogos para o Desenvolvimento},
  note       = {Acesso em 11/06/2020.},
  editortype = {Org.},
  pages      = {249},
  url        = {http://repositorio.ipea.gov.br/handle/11058/3082},
}

@InCollection{lassance2012a,
  author     = {Antonio Lassance},
  title      = {{Federalismo no Brasil: trajetória institucional e alternativas para um novo patamar de construção do estado}},
  booktitle  = {Federalismo {\`a} brasileira: quest{\~o}es para discuss{\~a}o},
  publisher  = {Instituto de Pesquisa Econômica Aplicada -- Ipea},
  year       = {2012},
  editor     = {Paulo de Tarso Frazão Linhares and Constantino Cronemberger Mendes and Antonio Lassance},
  volume     = {8},
  series     = {Diálogos para o Desenvolvimento},
  pages      = {29},
  note       = {Acesso em 11/06/2020.},
  editortype = {Org.},
  pagetotal  = {249},
  url        = {http://repositorio.ipea.gov.br/handle/11058/3082},
}

@Book{abrucio1998a,
  title     = {Os bar{\~o}es da federa{\c{c}}{\~a}o: os governadores e a redemocratiza{\c{c}}{\~a}o brasileira},
  publisher = {HUCITEC},
  year      = {1998},
  author    = {Abrucio, Fernando Luiz},
  address   = {São Paulo},
}

@InCollection{souza2015a,
  author        = {Celina Souza},
  title         = {Regiões metropolitanas: trajetória e influência das escolhas institucionais},
  booktitle     = {Metrópoles: entre a coesão e a fragmentação, a cooperação e o conflito},
  publisher     = {Letra Capital},
  year          = {2015},
  editor        = {Luiz Cesar Queiroz de Ribeiro},
  pages         = {61–96},
  address       = {Rio de Janeiro},
  edition       = {2},
  note          = {Parte I. Acesso em 11/06/2020.},
  __markedentry = {[caio:6]},
  editortype    = {Org.},
  url           = {http://observatoriodasmetropoles.net.br/arquivos/biblioteca/abook_file/metropoles_coesao_fragmentacao_2edicao.pdf},
}

@Book{cave2014a,
  title      = {O financiamento da cidade latino-americana: instrumentos a servi{\c{c}}o de um desenvolvimento urbano sustent{\'a}vel},
  publisher  = {Instituto de Pesquisa Econ{\^o}mica Aplicada -- Ipea},
  year       = {2014},
  editor     = {Cav{\'{e}}, J\'{e}r\'{e}mie and Kalfon, Matias and Albrecht, David and Michelon, Benjamin and David,Louise and Gally, Jacques},
  series     = {Savoirs communs},
  note       = {Acesso em 11/06/2020.},
  editortype = {Consultores},
  url        = {http://repositorio.ipea.gov.br/handle/11058/3254},
}

@Book{mundial2015a,
  title     = {{Governança metropolitana no Brasil: Subsídios para a Cosntrução de uma Agenda e uma Estratégia}},
  publisher = {Banco Internacional para a Reconstrução e o Desenvolvimento / Banco Mundial},
  year      = {2015},
  author    = {Alessandra Campanaro and Jeroen Klink and Mila Freire and Leonel de Miranda Sampaio and Ana Akaishi and Jaclyn Sachs},
  editor    = {Paul Kriss and Anna Wellenstein and Deborah Wetzel},
  address   = {Washington DC},
  note      = {Acesso em 11/06/2020.},
  url       = {http://documents.worldbank.org/curated/pt/587181468180879071/pdf/96680-v2-PORTUGUESE-WP-PUBLIC-Box391467B-Gover-Metro-POR-completo-29-05-2015.pdf},
}

@InCollection{wetzel2013a,
  author     = {Deborah Wetzel},
  title      = {{Metropolitan governance and finance in S{\~a}o Paulo}},
  booktitle  = {Financing Metropolitan Governments in Developing Countries},
  publisher  = {Lincoln Institute of Land Policy},
  year       = {2013},
  editor     = {Bahl, R. W. and Linn, J. F. and Wetzel, D. L.},
  pages      = {309--338},
  address    = {Cambridge, Massachusetts},
  editortype = {Eds.},
  journal    = {Financing Metropolitan Governments in Developing Countries},
}

@InCollection{clementino2018a,
  author     = {Maria do Livramento M. Clementino and Angela Lúcia Ferreira},
  title      = {Natal: as dificuldades de qualificar a singularidade de uma área urbana metropolizada},
  booktitle  = {Metrópoles brasileiras: síntese da transformação na ordem urbana 1980 a 2010},
  publisher  = {Letra Capital / Observatório das Metrópoles},
  year       = {2018},
  editor     = {Luiz Cesar de Queiroz Ribeiro and Marcelo Gomes Ribeiro},
  series     = {Metrópoles: transformações na ordem urbana},
  chapter    = {3},
  address    = {Rio de Janeiro},
  edition    = {1},
  isbn       = {9788577855803},
  note       = {Acesso em 11/06/2020.},
  editortype = {Org.},
  pagetotal  = {430},
  url        = {https://www.observatoriodasmetropoles.net.br/metropoles-brasileiras-sintese-da-transformacao-na-ordem-urbana/},
}

@Article{brenner2010a,
  author  = {Brenner, Neil},
  title   = {{A globaliza{\c{c}}{\~a}o como reterritorializa{\c{c}}{\~a}o: o reescalonamento da governan{\c{c}}a urbana na Uni{\~a}o Europeia}},
  journal = {Cadernos Metr{\'o}pole.},
  year    = {2010},
  volume  = {12},
  number  = {24},
  pages   = {535--564},
  note    = {Acesso em 11/06/2020.},
  url     = {http://revistas.pucsp.br/metropole/article/view/5902},
}

@MastersThesis{trevelin2005a,
  author = {Renata Trevelin},
  title  = {Violância doméstica --- um olhar sobre dois órgãos de atendimento à mulher vítima de agressão no município de Mauá},
  school = {Universidade São Marcos},
  year   = {2005},
}

@InCollection{borin2009a,
  author     = {Dulce Tourinho Baptista and Marisa do Espírito Santo Borin},
  title      = {{Aspectos da Governança: Região Metropolitana de São Paulo: Gestão e Cooperação Intermunicipal}},
  booktitle  = {{Como anda São Paulo}},
  publisher  = {Letra Capital / Observatório das Metrópoles},
  year       = {2009},
  editor     = {Paulo de Tarso Frazão Linhares and Constantino Cronemberger Mendes and Antonio Lassance},
  volume     = {3},
  series     = {Conjuntura Urbana},
  chapter    = {7},
  pages      = {203--230},
  address    = {Rio de Janeiro},
  isbn       = {9788577850426},
  note       = {Acesso em 11/06/2020.},
  editortype = {Org.},
  pagetotal  = {249},
  url        = {https://transformacoes.observatoriodasmetropoles.net.br/livro/sao-paulo/},
}

@InCollection{bresciani2015a,
  author     = {Bresciani, Luis Paulo},
  title      = {{O mapa do caminho: desafios, planejamento e atua{\c{c}}{\~a}o do Cons{\'o}rcio Intermunicipal Grande ABC}},
  booktitle  = {{Um olhar territorial para o desenvolvimento: Sudeste}},
  publisher  = {Banco Nacional de Desenvolvimento Econômico e Social --- BNDES},
  year       = {2015},
  editor     = {Cláudio Figueiredo Coelho Leal and Lucas Linhares and Cristina Lemos and Marcelo Machado da Silva and Helena Maria Martins Lastres},
  pages      = {390--409},
  address    = {Rio de Janeiro},
  isbn       = {9788587545541},
  editortype = {Org.},
  pagetotal  = {509},
  url        = {https://web.bndes.gov.br/bib/jspui/handle/1408/4321},
}

@Article{mencio2017a,
  author  = {Mencio, Mariana and Zioni, Silvana},
  title   = {{A caracteriza{\c{c}}{\~a}o das Regi{\~o}es Metropolitanas e Aglomera{\c{c}}{\~o}es Urbanas pelo IBGE: Limites e Avan{\c{c}}os do Estatuto da Metr{\'o}pole}},
  journal = {Desenvolvimento, crise e resist{\^e}ncia: Quais os caminhos do planejamento urbano e regional},
  year    = {2017},
  pages   = {1--22},
  note    = {Acesso em 11/06/2020.},
  url     = {http://anpur.org.br/xviienanpur/principal/publicacoes/XVII.ENANPUR_Anais/ST_Sessoes_Tematicas/ST%202/ST%202.2/ST%202.2-02.pdf},
}

@Article{klink2009a,
  author    = {Johannes Klink, Jeroen},
  title     = {Novas governan{\c{c}}as para as {\'a}reas metropolitanas. O panorama internacional e as perspectivas para o caso brasileiro},
  journal   = {Cadernos Metr{\'o}pole},
  year      = {2009},
  volume    = {11},
  number    = {22},
  publisher = {Pontif{\'\i}cia Universidade Cat{\'o}lica de S{\~a}o Paulo},
  url       = {https://revistas.pucsp.br/index.php/metropole/article/view/5941},
}

@Article{frey2012a,
  author  = {Frey, Klaus},
  title   = {{Abordagens de governan{\c{c}}a em {\'a}reas metropolitanas da Am{\'e}rica Latina: avan{\c{c}}os e entraves}},
  journal = {Urbe. Revista Brasileira de Gest{\~a}o Urbana},
  year    = {2012},
  volume  = {4},
  number  = {1},
  pages   = {87--102},
  address = {Curitiba},
  url     = {http://dx.doi.org/10.1590/S2175-33692012000100007},
}

@InCollection{lubambo2017a,
  author     = {Catia Lubambo and Wilson Fusco and Laís Lopes},
  title      = {{Vulnerabilidade social: análises possíveis a partir da aplicação do IVS no atlas da Região Metropolitana do Recife}},
  booktitle  = {{Territórios em números: insumos para políticas públicas a partir da análise do IDHM e do IVS de UDHs e regiões metropolitanas brasileiras}},
  publisher  = {Instituto de Pesquisa Econômica Aplicada -- Ipea},
  year       = {2017},
  editor     = {Bárbara Oliveira Marguti and Marco Aurélio Costa and Cesar Bruno Favar{\~{a}}o},
  volume     = {2},
  address    = {Brasília},
  isbn       = {9788578112974},
  note       = {Acesso em 11/06/2020.},
  editortype = {Orgs.},
  pagetotal  = {244},
  url        = {https://www.ipea.gov.br/portal/index.php?option=com_content&view=article&id=30508&Itemid=424},
}

@InBook{machado2009a,
  chapter   = {2},
  pages     = {51--68; 100--116},
  title     = {Gest{\~a}o metropolitana e autonomia municipal: dilemas das transa{\c{c}}{\~o}es federativas},
  publisher = {Editora PUC Minas},
  year      = {2009},
  author    = {Gustavo Gomes Machado},
  pagetotal = {176},
}

@Comment{jabref-meta: databaseType:bibtex;}
