% Encoding: UTF-8

@InBook{bobbio1986a,
  chapter   = {1},
  pages     = {17--40},
  title     = {O futuro da democracia: uma defesa das regras do jogo},
  publisher = {Paz e Terra},
  year      = {1986},
  author    = {Bobbio, Norberto},
  address   = {Rio de Janeiro},
}

@InCollection{avritzer2018a,
  author     = {Leonardo Avritzer},
  title      = {Um balanço da participação democrática no Brasil},
  booktitle  = {Demodiversidade: Imaginar novas possibilidades democráticas},
  publisher  = {Autêntica Editora},
  year       = {2018},
  editor     = {Boaventura de Sousa Santos and Jos\'{e} Manuel Mendes},
  chapter    = {13},
  address    = {Belo Horizonte},
  edition    = {1},
  isbn       = {978-85-513-0333-7},
  note       = {Livro digital em formato EPUB},
  editortype = {Orgs.},
}

@InCollection{gohn2018a,
  author    = {Maria da Gloria Gohn},
  title     = {Potencialidades e Limites da Participação no Federalismo Brasileiro},
  booktitle = {Governança multinível e desenvolvimento regional sustentável: experiências do Brasil e da Alemanha},
  publisher = {Oficina Municipal},
  year      = {2018},
  editor    = {Jos\'{e} Mário Brasiliense Carneiro and Klaus Frey},
  chapter   = {4},
  pages     = {69--89},
  address   = {São Paulo},
}

@InCollection{borzel2008a,
  author     = {Tanja B{\"o}rzel},
  title      = {Organizando Babel: redes de pol{\'\i}ticas p{\'u}blicas},
  booktitle  = {O tempo das redes},
  publisher  = {Perspectiva},
  year       = {2008},
  editor     = {F{\"a}bio Duarte and Carlos Quandt and Queila Souza},
  pages      = {217--256},
  address    = {S{\~a}o Paulo},
  editortype = {Eds.},
  journal    = {O tempo das redes. S{\~a}o Paulo: Perspectiva},
}

@Article{jordan1992a,
  author  = {Jordan, G and Schubert, K},
  title   = {{A Preliminary Ordering of Policy Network Labeling}},
  journal = {European Journal of Political Research},
  year    = {1992},
  volume  = {21},
  number  = {1-2},
}

@Book{marsh1992a,
  title     = {Policy networks in British government},
  publisher = {Clarendon Press},
  year      = {1992},
  author    = {Marsh, David and Rhodes, Roderick Arthur William},
}

@Book{schneider1988a,
  title     = {{Politiknetzwerke der Chemikalienkontrolle: eine Analyse einer transnationalen Politikentwicklung}},
  publisher = {De Gruyter},
  year      = {1988},
  author    = {Schneider, Volker},
}

@Article{lehmbruch1991a,
  author    = {Lehmbruch, Gerhard},
  title     = {The organization of society, administrative strategies, and policy networks},
  journal   = {Political choice: Institutions, rules, and the limits of rationality},
  year      = {1991},
  pages     = {121--155},
  publisher = {Westview Boulder, CO},
}

@Article{benz1995a,
  author  = {Benz, Arthur},
  title   = {Politiknetzwerke in der horizontalen Politikverflechtung},
  journal = {Netzwerke und Politikproduktion. Konzepte, Methoden, Perspektiven, Marburg},
  year    = {1995},
  pages   = {185--204},
}

@Book{rhodes1997a,
  title     = {Understanding governance: policy networks governance, reflexivity and accountability},
  publisher = {Open University Press},
  year      = {1997},
  author    = {R. A. W. Rhodes},
}

@InCollection{brandao2011a,
  author    = {Brand{\~a}o, Carlos A.},
  title     = {Descentraliza{\c{c}}{\~a}o enquanto modo de ordenamento espacial do poder e de reescalonamento territorial do Estado: trajet{\'o}ria e desafios para o Brasil},
  booktitle = {Governan{\c{c}}a territorial e desenvolvimento: descentraliza{\c{c}}{\~a}o político-administrativa, estruturas subnacionais de gest{\~a}o do desenvolvimento e capacidades estatais},
  publisher = {Garamond},
  year      = {2011},
  pages     = {115--135},
  address   = {Rio de Janeiro},
  journal   = {Governan{\c{c}}a territorial e desenvolvimento: descentraliza{\c{c}}{\~a}o pol{\'\i}tico-administrativa, estruturas subnacionais de gest{\~a}o do desenvolvimento e capacidades estatais. Rio de Janeiro: Garamond},
}

@Book{brenner2004a,
  title     = {New state spaces: Urban governance and the rescaling of statehood},
  publisher = {Oxford University Press},
  year      = {2004},
  author    = {Brenner, Neil},
  address   = {Oxford},
}

@Book{affonso1995a,
  title      = {A federalização em perspectiva: ensaios selecionados},
  publisher  = {Fundap},
  year       = {1995},
  editor     = {Affonso, R. B. A. and Silva, P. L. B.},
  address    = {São Paulo},
  editortype = {Orgs.},
}

@Book{prado2003a,
  title      = {Partilha de recursos na federa{\c{c}}{\~a}o brasileira},
  publisher  = {Fundap},
  year       = {2003},
  editor     = {Prado, Sergio},
  address    = {São Paulo},
  editortype = {Org.},
}

@InCollection{guia2015a,
  author     = {Sergio de Azevedo and Virgínia Rennó Mares dos Guia},
  title      = {{Os dilemas institucionais da gestão metropolitana no Brasil}},
  booktitle  = {Metrópoles: entre a coesão e a fragmentação, a cooperação e o conflito},
  publisher  = {Letra Capital},
  year       = {2015},
  editor     = {Luiz Cesar Queiroz de Ribeiro},
  pages      = {97–110},
  address    = {Rio de Janeiro},
  edition    = {2},
  note       = {Parte I},
  editortype = {Org.},
  url        = {http://observatoriodasmetropoles.net.br/arquivos/biblioteca/abook_file/metropoles_coesao_fragmentacao_2edicao.pdf},
}

@Comment{jabref-meta: databaseType:bibtex;}
